<record><leader>00000cas a22000007a 4500</leader><controlfield tag="001">15193863</controlfield><controlfield tag="008">870213d18941895paudn ne      0    0eng d</controlfield><datafield ind1=" " ind2=" " tag="010"><subfield code="a">sn 87079972 </subfield></datafield><datafield ind1=" " ind2=" " tag="040"><subfield code="a">NPH</subfield><subfield code="b">eng</subfield><subfield code="c">NPH</subfield><subfield code="d">OCLCQ</subfield></datafield><datafield ind1=" " ind2=" " tag="042"><subfield code="a">msc</subfield></datafield><datafield ind1="0" ind2=" " tag="130"><subfield code="a">Evening courier (Blairsville, Pa.)</subfield></datafield><datafield ind1="1" ind2="0" tag="245"><subfield code="a">Evening courier.</subfield></datafield><datafield ind1="1" ind2="3" tag="246"><subfield code="a">Blairsville evening courier</subfield></datafield><datafield ind1="3" ind2="0" tag="246"><subfield code="a">Courier</subfield></datafield><datafield ind1=" " ind2=" " tag="260"><subfield code="a">Blairsville, Pa. :</subfield><subfield code="b">Courier Pub. Co.,</subfield><subfield code="c">1894-</subfield></datafield><datafield ind1=" " ind2=" " tag="300"><subfield code="a">v.</subfield></datafield><datafield ind1=" " ind2=" " tag="310"><subfield code="a">Daily (except Sunday)</subfield></datafield><datafield ind1="0" ind2=" " tag="362"><subfield code="a">Vol. 1, no. 1 (Mar. 5, 1894)-</subfield></datafield><datafield ind1="1" ind2=" " tag="362"><subfield code="a">Ceased in 1895.</subfield></datafield><datafield ind1=" " ind2=" " tag="500"><subfield code="a">The word "Blairsville" printed within masthead ornament.</subfield></datafield><datafield ind1=" " ind2=" " tag="752"><subfield code="a">United States</subfield><subfield code="b">Pennsylvania</subfield><subfield code="c">Indiana</subfield><subfield code="d">Blairsville.</subfield></datafield><datafield ind1="0" ind2="0" tag="785"><subfield code="t">Blairsville daily courier</subfield><subfield code="w">(DLC)sn 87079973</subfield></datafield></record>